@book{
	Cpp,
	author="Дэвис Стефан Рэнди",
	title="C++ для чайников",
	publisher="Вильямс", 
	series="Для чайников",
	year=2018,
	pages=400
}

@misc{cpp-lang-chrono,
	title="Date and time utilities [Электронный ресурс]",
	howpublished="Режим доступа: \url{https://en.cppreference.com/w/cpp/chrono} (дата обращения: 20.03.2023)"
}

@misc{first_article,
	title="Параллельные вычисления [Электронный ресурс]",
	howpublished="Режим доступа: \url{https://ru.bmstu.wiki/Параллельные_вычисления} (дата обращения: 20.03.2023)"
}

@misc{threads,
	title="Что такое многопоточность [Электронный ресурс]",
	howpublished="Режим доступа: \url{https://ru.coursera.org/lecture/ios-multithreading/chto-takoie-mnoghopotochnost-4MMgN} (дата обращения: 20.03.2023)"
}