@Book{bib1,
	title= "Python Programming for the Absolute Beginner, 3rd Edition",
	author="Доусон Майкл",
	publisher="Прогресс книга",
	year={2019},
	pages="416"
}

@Book{bib2,
	title= "Visual Studio Code",
	publisher="Microsoft",
	year={2005},
	url="https://code.visualstudio.com/"
}

@Book{bib3,
	title= "Windows",
	publisher="Microsoft",
	year={1985},
	url="https://www.microsoft.com/ru-ru/windows"
}

@Book{bib4,
	title= "Linux",
	year={1991},
	url="https://www.linux.org.ru/"
}

@Book{bib5,
	title= "Ubuntu 18.04",
	year={2018},
	url="https://releases.ubuntu.com/18.04/"
}

@Book{bib6,
	title= "Замер памяти в Python3",
	year={2019},
	url=" https://pypi.org/project/memory-
	profiler/"
}


@Book{bib7,
	title= "process time function in Python",
	url="https://www.geeksforgeeks.org/time-process_time-function-in-python/"
}